<?xml version='1.0' encoding='UTF-8'?>
<record xmlns="http://www.loc.gov/MARC21/slim">
  <leader>01958cam a2200421K  4500</leader>
  <controlfield tag="001">1777205</controlfield>
  <controlfield tag="003">NjP</controlfield>
  <controlfield tag="005">20170516151733.0</controlfield>
  <controlfield tag="008">991112s1966    ir            000 0 ara d</controlfield>
  <datafield tag="024" ind1="7" ind2=" ">
    <subfield code="a">princeton_aco002599</subfield>
    <subfield code="2">local</subfield>
  </datafield>
  <datafield ind1=" " ind2=" " tag="035">
    <subfield code="a">(OCoLC)ocn910978545</subfield>
  </datafield>
  <datafield ind1=" " ind2=" " tag="035">
    <subfield code="a">(OCoLC)ocn179626284</subfield>
  </datafield>
  <datafield ind1=" " ind2=" " tag="035">
    <subfield code="a">(OCoLC)ocm42819371</subfield>
  </datafield>
  <datafield ind1=" " ind2=" " tag="035">
    <subfield code="9">CFY8928TS</subfield>
  </datafield>
  <datafield ind1=" " ind2=" " tag="035">
    <subfield code="a">(OCoLC)179626284</subfield>
  </datafield>
  <datafield ind1=" " ind2=" " tag="035">
    <subfield code="a">(NjP)4117883</subfield>
  </datafield>
  <datafield ind1=" " ind2=" " tag="040">
    <subfield code="a">PUL</subfield>
    <subfield code="b">eng</subfield>
    <subfield code="c">PUL</subfield>
    <subfield code="d">OCLCF</subfield>
    <subfield code="d">OCLCO</subfield>
    <subfield code="d">OCLCQ</subfield>
    <subfield code="d">PUL</subfield>
  </datafield>
  <datafield ind1=" " ind2=" " tag="035">
    <subfield code="a">(OCoLC)910978545</subfield>
  </datafield>
  <datafield ind1=" " ind2=" " tag="079">
    <subfield code="a">ocm42819371</subfield>
  </datafield>
  <datafield ind1=" " ind2=" " tag="049">
    <subfield code="a">PULL</subfield>
  </datafield>
  <datafield ind1="1" ind2=" " tag="100">
    <subfield code="6">880-01</subfield>
    <subfield code="a">Najafī Yazdī, Hāshim.</subfield>
  </datafield>
  <datafield ind1="1" ind2="3" tag="245">
    <subfield code="6">880-02</subfield>
    <subfield code="a">al-Tahdhīb li-mughnī al-labīb /</subfield>
    <subfield code="c">taʼlīf Hāshim ibn ʻAbd al-Ḥayy al-Ṭabāṭabāʼī al-Najafī al-Yazdī.</subfield>
  </datafield>
  <datafield ind1=" " ind2=" " tag="260">
    <subfield code="6">880-03</subfield>
    <subfield code="a">Qum :</subfield>
    <subfield code="b">Maktabat al-Ṭabāṭabāʼī,</subfield>
    <subfield code="c">1386 [1966]</subfield>
  </datafield>
  <datafield ind1=" " ind2=" " tag="300">
    <subfield code="a">220 pages</subfield>
    <subfield code="c">23 cm</subfield>
  </datafield>
  <datafield ind1=" " ind2=" " tag="336">
    <subfield code="a">text</subfield>
    <subfield code="b">txt</subfield>
    <subfield code="2">rdacontent</subfield>
  </datafield>
  <datafield ind1=" " ind2=" " tag="337">
    <subfield code="a">unmediated</subfield>
    <subfield code="b">n</subfield>
    <subfield code="2">rdamedia</subfield>
  </datafield>
  <datafield ind1=" " ind2=" " tag="338">
    <subfield code="a">volume</subfield>
    <subfield code="b">nc</subfield>
    <subfield code="2">rdacarrier</subfield>
  </datafield>
  <datafield ind1=" " ind2=" " tag="546">
    <subfield code="a">In Arabic.</subfield>
  </datafield>
  <datafield ind1="1" ind2="0" tag="600">
    <subfield code="6">880-04</subfield>
    <subfield code="a">Ibn Hishām, ʻAbd Allāh ibn Yūsuf,</subfield>
    <subfield code="d">1309-1360.</subfield>
    <subfield code="t">Mughnī al-labīb ʻan kutub al-aʻārīb.</subfield>
    <subfield code="0">http://id.loc.gov/authorities/names/n85203377</subfield>
  </datafield>
  <datafield ind1=" " ind2="0" tag="650">
    <subfield code="a">Arabic language</subfield>
    <subfield code="x">Grammar.</subfield>
    <subfield code="0">http://id.loc.gov/authorities/subjects/sh86000279</subfield>
  </datafield>
  <datafield ind1=" " ind2="0" tag="650">
    <subfield code="a">Arabic language</subfield>
    <subfield code="x">Syntax.</subfield>
    <subfield code="0">http://id.loc.gov/authorities/subjects/sh2007101235</subfield>
  </datafield>
  <datafield ind1="0" ind2="7" tag="630">
    <subfield code="a">Mughnī al-labīb ʻan kutub al-aʻārīb (Ibn Hishām, ʻAbd Allāh ibn Yūsuf)</subfield>
    <subfield code="2">fast</subfield>
    <subfield code="0">(OCoLC)fst01363950</subfield>
  </datafield>
  <datafield ind1="1" ind2=" " tag="880">
    <subfield code="6">100-01/r</subfield>
    <subfield code="a">نجفي يزدي، هاشم.</subfield>
  </datafield>
  <datafield ind1="1" ind2="2" tag="880">
    <subfield code="6">245-02/r</subfield>
    <subfield code="a">التهذيب لمغني اللبيب /</subfield>
    <subfield code="c">تأليف هاشم بن عبد الحي الطباطبائي النجفي اليزدي.</subfield>
  </datafield>
  <datafield ind1=" " ind2=" " tag="880">
    <subfield code="6">260-03/r</subfield>
    <subfield code="a">قم :</subfield>
    <subfield code="b">مكتبة الطباطبائي،</subfield>
    <subfield code="c">1386 [1966]</subfield>
  </datafield>
  <datafield ind1="1" ind2="0" tag="880">
    <subfield code="6">600-04/r</subfield>
    <subfield code="a">ابن هشام، عبد الله بن يوسف،</subfield>
    <subfield code="d">1309-1360.</subfield>
    <subfield code="t">مغني اللبيب عن كتب الاعاريب.</subfield>
  </datafield>
  <datafield ind1=" " ind2=" " tag="947">
    <subfield code="a">CFY8928</subfield>
  </datafield>
  <datafield ind1=" " ind2=" " tag="994">
    <subfield code="a">C0</subfield>
    <subfield code="b">PUL</subfield>
  </datafield>
  <datafield ind1=" " ind2=" " tag="999">
    <subfield code="a">1777205</subfield>
  </datafield>
  <datafield ind1=" " ind2=" " tag="902">
    <subfield code="a">jab</subfield>
    <subfield code="b">r</subfield>
    <subfield code="7">m</subfield>
    <subfield code="d">v</subfield>
    <subfield code="f">0</subfield>
    <subfield code="e">20040305</subfield>
  </datafield>
  <datafield ind1="0" ind2="0" tag="852">
    <subfield code="0">2040755</subfield>
    <subfield code="b">nec</subfield>
    <subfield code="t">0</subfield>
    <subfield code="h">PJ6101.I2643</subfield>
    <subfield code="i">T333 1966</subfield>
  </datafield>
  <datafield ind1=" " ind2=" " tag="959">
    <subfield code="a">2000-06-13 00:00:00 -0500</subfield>
  </datafield>
</record>
